@misc{maze-routing-alg,
  author       = {{Wikipedia contributors}},
  title        = {Maze-solving algorithm --- {Wikipedia}{,} The Free Encyclopedia},
  year         = {2025},
  howpublished = {\url{https://en.wikipedia.org/w/index.php?title=Maze-solving_algorithm&oldid=1275380789}},
  note         = {[Online; accessed 5-March-2025]}
}

@misc{a-star-alg,
  author       = {{Wikipedia contributors}},
  title        = {A* search algorithm --- {Wikipedia}{,} The Free Encyclopedia},
  year         = {2025},
  howpublished = {\url{https://en.wikipedia.org/w/index.php?title=A*_search_algorithm&oldid=1273031415}},
  note         = {[Online; accessed 5-March-2025]}
}

@misc{dijkstras-alg,
  author       = {{Spanning Tree}},
  howpublished = {How Dijkstra's Algorithm Works --- {YouTube}},
  title        = {\url{https://www.youtube.com/watch?v=EFg3u_E6eHU}},
  note         = {[Online; accessed 5-March-2025]}
}

@misc{jest,
  author       = {{Jest Contributors}},
  title        = {Jest: Delightful JavaScript Testing},
  howpublished = {\url{https://jestjs.io/}},
  version      = {29.7.0},
  note         = {[Online; accessed 5-March-2025]}
}

@misc{pkd,
  author = {{Eva Bruggisser}},
  title  = {Programkonstruktion och datastrukturer {1DL201 DL201 HT2024} --- {Uppsala Universitet}},
  year   = {2024--2025},
  note   = {[Course Lecture Notes, accessed; accessed 5-March-2025]}
}